<?xml version="1.0" encoding="UTF-8"?><collection xmlns="http://www.loc.gov/MARC21/slim"><record><leader>00508nam--2200193-i-4500</leader><controlfield tag="001">000023058</controlfield><controlfield tag="002">20161230</controlfield><controlfield tag="005">20161230201034</controlfield><controlfield tag="008">060222s1000------------r-----000-0-eng-d</controlfield><datafield ind1=" " ind2=" " tag="020"><subfield code="a">0273403613</subfield></datafield><datafield ind1=" " ind2=" " tag="040"><subfield code="a">IFIN-HH</subfield></datafield><datafield ind1=" " ind2=" " tag="080"><subfield code="a">535.82:669</subfield></datafield><datafield ind1="1" ind2=" " tag="100"><subfield code="a">Gifkins, R.C</subfield></datafield><datafield ind1="1" ind2="0" tag="245"><subfield code="a">Optical microscopy of merals</subfield><subfield code="c">R.c. gifkins</subfield></datafield><datafield ind1=" " ind2=" " tag="260"><subfield code="a">Melbourne</subfield><subfield code="b">Sir Isaac Pitman And Sons Ltd</subfield><subfield code="c">1970</subfield></datafield><datafield ind1=" " ind2=" " tag="300"><subfield code="a">IX+208P</subfield></datafield><datafield ind1=" " ind2=" " tag="490"><subfield code="a">Metallography Series</subfield></datafield><datafield ind1=" " ind2=" " tag="852"><subfield code="a">34975</subfield><subfield code="c">537.531</subfield></datafield><datafield ind1=" " ind2=" " tag="CAT"><subfield code="a">Sys</subfield><subfield code="c">20110810</subfield><subfield code="h">100359</subfield></datafield></record></collection>